<collection>
<record>
<leader>07797cpcaa22012977a 4500</leader>
<controlfield tag="001">17082756</controlfield>
<controlfield tag="005">20221107121052.0</controlfield>
<controlfield tag="008">111213i19402000xx mul </controlfield>
<datafield ind1=" " ind2=" " tag="906">
<subfield code="a">7</subfield>
<subfield code="b">cbc</subfield>
<subfield code="c">orignew</subfield>
<subfield code="d">u</subfield>
<subfield code="e">ncip</subfield>
<subfield code="f">20</subfield>
<subfield code="g">y-folklife</subfield>
</datafield>
<datafield ind1=" " ind2=" " tag="955">
<subfield code="a">mkru 2011-12-13;</subfield>
<subfield code="a">mseg 2013-01-08</subfield>
<subfield code="a">mseg 2014-01-03</subfield>
<subfield code="a">mseg 2014-01-10</subfield>
<subfield code="a">mseg 2014-10-16</subfield>
<subfield code="a">mseg 2014-10-22</subfield>
<subfield code="a">mseg 2014-10-28</subfield>
<subfield code="a">mseg 2014-10-29</subfield>
<subfield code="a">mseg 2014-12-08</subfield>
<subfield code="a">mseg 2015-01-27</subfield>
<subfield code="a">mseg 2016-06-08</subfield>
<subfield code="a">mseg 2016-06-17</subfield>
<subfield code="a">mler 2016-08-29</subfield>
<subfield code="a">mkru 2016-08-29</subfield>
<subfield code="a">mler 2016-08-30</subfield>
<subfield code="a">mkru 2016-09-01</subfield>
<subfield code="a">mkru 2016-10-04</subfield>
<subfield code="a">mler 2017-09-05</subfield>
<subfield code="a">mseg 2022-10-03</subfield>
<subfield code="a">mseg 2022-11-07</subfield>
</datafield>
<datafield ind1=" " ind2=" " tag="010">
<subfield code="a"> 2011655455</subfield>
</datafield>
<datafield ind1=" " ind2=" " tag="040">
<subfield code="a">DLC</subfield>
<subfield code="c">DLC</subfield>
<subfield code="e">dacs</subfield>
<subfield code="d">DLC</subfield>
</datafield>
<datafield ind1="0" ind2=" " tag="041">
<subfield code="d">mul</subfield>
<subfield code="d">paa</subfield>
<subfield code="a">eng</subfield>
</datafield>
<datafield ind1=" " ind2=" " tag="043">
<subfield code="a">a-pp---</subfield>
<subfield code="a">f------</subfield>
<subfield code="a">cl-----</subfield>
</datafield>
<datafield ind1=" " ind2=" " tag="090">
<subfield code="a">FRC 4803-4809; FSE 0801-0802 (safety film)</subfield>
</datafield>
<datafield ind1=" " ind2=" " tag="090">
<subfield code="a">
IDA 00657-00691; IDB 46280-46333 ; RXH 2038-2099; RXH 7955-8000; RXH 8178-8199; RXH 8509-8611; RXI 4233-4248
</subfield>
</datafield>
<datafield ind1=" " ind2=" " tag="090">
<subfield code="a">
RYK 8264-8463; RYN 3904-4274; RYO 7967-7992; RYO 9501-9503; RYO 9529-9634; RYP 4333-4362
</subfield>
</datafield>
<datafield ind1=" " ind2=" " tag="090">
<subfield code="a">VBX 8023-8033 (U-matic)</subfield>
</datafield>
<datafield ind1=" " ind2=" " tag="090">
<subfield code="a">AFC 1994/003</subfield>
</datafield>
<datafield ind1="0" ind2="0" tag="245">
<subfield code="a">Vida Chenoweth collection,</subfield>
<subfield code="f">circa 1940-2000.</subfield>
</datafield>
<datafield ind1=" " ind2=" " tag="300">
<subfield code="a">15,686 items.</subfield>
</datafield>
<datafield ind1=" " ind2=" " tag="300">
<subfield code="a">42</subfield>
<subfield code="f">containers.</subfield>
</datafield>
<datafield ind1=" " ind2=" " tag="300">
<subfield code="3">manuscripts</subfield>
<subfield code="a">15.5</subfield>
<subfield code="f">linear feet.</subfield>
</datafield>
<datafield ind1=" " ind2=" " tag="300">
<subfield code="a">638 sound cassettes :</subfield>
<subfield code="b">analog.</subfield>
</datafield>
<datafield ind1=" " ind2=" " tag="300">
<subfield code="a">251 sound tape reels :</subfield>
<subfield code="b">analog ;</subfield>
<subfield code="c">various sizes.</subfield>
</datafield>
<datafield ind1=" " ind2=" " tag="300">
<subfield code="a">89 sound discs :</subfield>
<subfield code="b">analog ;</subfield>
<subfield code="c">various sizes.</subfield>
</datafield>
<datafield ind1=" " ind2=" " tag="300">
<subfield code="a">2 sound discs (CD-R) :</subfield>
<subfield code="b">digital ;</subfield>
<subfield code="c">4 3/4 in.</subfield>
</datafield>
<datafield ind1=" " ind2=" " tag="300">
<subfield code="a">71 videocassettes (VHS and U-Matic) :</subfield>
<subfield code="b">color, sound ;</subfield>
<subfield code="c">1/2 in. and 3/4 in.</subfield>
</datafield>
<datafield ind1=" " ind2=" " tag="300">
<subfield code="a">5 videodiscs (DVD) :</subfield>
<subfield code="b">digital ;</subfield>
<subfield code="c">4 3/4 in.</subfield>
</datafield>
<datafield ind1=" " ind2=" " tag="300">
<subfield code="a">10 film reels.</subfield>
</datafield>
<datafield ind1=" " ind2=" " tag="300">
<subfield code="a">approximately 660 photographs :</subfield>
<subfield code="b">film negatives.</subfield>
</datafield>
<datafield ind1=" " ind2=" " tag="300">
<subfield code="a">approximately 1200 photographic prints :</subfield>
<subfield code="b">black and white, color ;</subfield>
<subfield code="c">various sizes.</subfield>
</datafield>
<datafield ind1=" " ind2=" " tag="300">
<subfield code="a">730 slides :</subfield>
<subfield code="b">color ;</subfield>
<subfield code="c">35 mm</subfield>
</datafield>
<datafield ind1=" " ind2=" " tag="300">
<subfield code="a">1177 half frame slides :</subfield>
<subfield code="b">mostly color ;</subfield>
<subfield code="c">35 mm</subfield>
</datafield>
<datafield ind1=" " ind2=" " tag="300">
<subfield code="a">3 slides :</subfield>
<subfield code="b">color ;</subfield>
<subfield code="c">28 x 28 mm</subfield>
</datafield>
<datafield ind1=" " ind2=" " tag="520">
<subfield code="a">
Collection of papers and audiovisual materials representing the life work of ethnomusicologist Vida Chenoweth. Comprises manuscripts, sound recordings, photographs, and films, mainly of her work with the Usarufa and numerous other people in Papua New Guinea, but culture groups from other places are also represented, including Vanuatu, Indonesia, Solomon Islands, Cook Islands, New Zealand, Kenya, Zaire, Ethiopia, Madagascar, Ivory Coast, Ghana, South Africa, Cameroon, Senegal, Nigeria, Sierra Leone, Mali, Cameroon, Vietnam, Thailand, Laos, Cambodia, Mexico, Guatemala, Panama, Ecuador, Brazil, Peru, and the United States. Includes work done by her students at Wheaton College and colleagues at the Summer Institute of Linguistics. Includes recording logs, analysis, song transcriptions, song texts, theses, correspondence, Chenoweth's diaries (1980s), and field notes. Sound recordings include music and spoken word from various provinces in Papua New Guinea, such as Eastern and Western Highlands, Madang, Morobe, East New Britain, New Ireland, and Irian Jaya provinces. Moving images include Chenoweth family films, as well as documentation about music and practices from throughout Papua New Guinea, the Cook Islands, Vanuatu, and other regions. They also include content from the South Pacific Festival of the Arts in Port Moresby, Papua New Guinea.
</subfield>
</datafield>
<datafield ind1="8" ind2=" " tag="524">
<subfield code="a">
Vida Chenoweth collection (AFC 1994/003), Archive of Folk Culture, American Folklife Center, Library of Congress, Washington, D.C.
</subfield>
</datafield>
<datafield ind1="1" ind2=" " tag="506">
<subfield code="a">
Collection is open for research; access to collection materials may be restricted. To request materials, please contact the Folklife Reading Room at
</subfield>
<subfield code="u">http://hdl.loc.gov/loc.afc/folklife.contact</subfield>
</datafield>
<datafield ind1=" " ind2=" " tag="530">
<subfield code="a">
Digital preservation masters from original sound tape reels and cassettes.
</subfield>
</datafield>
<datafield ind1=" " ind2=" " tag="540">
<subfield code="a">
Duplication of the collection materials may be governed by copyright and other restrictions.
</subfield>
</datafield>
<datafield ind1=" " ind2=" " tag="541">
<subfield code="a">Vida Chenoweth;</subfield>
<subfield code="c">Donation;</subfield>
<subfield code="d">1996.</subfield>
</datafield>
<datafield ind1=" " ind2=" " tag="545">
<subfield code="a">
Vida Chenoweth (b. 1929), is considered the first solo classical concert marimbist, and is known for her career as a marimba artist, as well as a linguist and ethnomusicologist. She served as a linguist and Bible translator in Papua New Guinea, where she worked with colleague, Darlene Bee, analyzing the Usarufa language, teaching Usarufa people to read, and recording their music. Chenoweth devised a method of ethnic music analysis during her years recording and studying Usarufa music. She has authored several books and academic journal articles on ethnic oral music traditions, and she developed the ethnomusicology program at Wheaton College Conservatory of Music based on her theories and analyses of ethnic music. Chenoweth and her ethnomusicology students documented the music and practices of cultures across Papua New Guinea, Africa, South and Central America, and the Southwest United States.
</subfield>
</datafield>
<datafield ind1=" " ind2=" " tag="546">
<subfield code="a">Recordings in Usarufa and many other languages.</subfield>
</datafield>
<datafield ind1="0" ind2=" " tag="555">
<subfield code="a">Finding aid is available online</subfield>
<subfield code="u">http://hdl.loc.gov/loc.afc/eadafc.af016007</subfield>
</datafield>
<datafield ind1="1" ind2="0" tag="600">
<subfield code="a">Chenoweth, Vida</subfield>
<subfield code="x">Ethnomusicological collections.</subfield>
</datafield>
<datafield ind1=" " ind2="0" tag="650">
<subfield code="a">Usarufa (Papua New Guinean people)</subfield>
<subfield code="v">Music.</subfield>
</datafield>
<datafield ind1=" " ind2="0" tag="650">
<subfield code="a">Music</subfield>
<subfield code="z">Papua New Guinea.</subfield>
</datafield>
<datafield ind1=" " ind2="0" tag="650">
<subfield code="a">Songs, Usarufa</subfield>
<subfield code="z">Papua New Guinea.</subfield>
</datafield>
<datafield ind1=" " ind2="0" tag="650">
<subfield code="a">Rites and ceremonies</subfield>
<subfield code="z">Papua New Guinea.</subfield>
</datafield>
<datafield ind1=" " ind2="0" tag="650">
<subfield code="a">Usarufa language</subfield>
<subfield code="z">Papua New Guinea.</subfield>
</datafield>
<datafield ind1=" " ind2="0" tag="650">
<subfield code="a">Language and languages</subfield>
<subfield code="z">Papua New Guinea.</subfield>
</datafield>
<datafield ind1=" " ind2="0" tag="650">
<subfield code="a">Songs.</subfield>
</datafield>
<datafield ind1=" " ind2="0" tag="650">
<subfield code="a">Songs</subfield>
<subfield code="v">Texts.</subfield>
</datafield>
<datafield ind1=" " ind2="0" tag="650">
<subfield code="a">Dance.</subfield>
</datafield>
<datafield ind1=" " ind2="0" tag="650">
<subfield code="a">Rites and ceremonies.</subfield>
</datafield>
<datafield ind1=" " ind2="0" tag="650">
<subfield code="a">Music</subfield>
<subfield code="z">Solomon Islands.</subfield>
</datafield>
<datafield ind1=" " ind2="0" tag="650">
<subfield code="a">Music</subfield>
<subfield code="z">Cook Islands.</subfield>
</datafield>
<datafield ind1=" " ind2="0" tag="650">
<subfield code="a">Music</subfield>
<subfield code="z">Indonesia.</subfield>
</datafield>
<datafield ind1=" " ind2="0" tag="650">
<subfield code="a">Music</subfield>
<subfield code="z">Kenya.</subfield>
</datafield>
<datafield ind1=" " ind2="0" tag="650">
<subfield code="a">Music</subfield>
<subfield code="z">Nigeria.</subfield>
</datafield>
<datafield ind1=" " ind2="0" tag="650">
<subfield code="a">Music</subfield>
<subfield code="z">Senegal.</subfield>
</datafield>
<datafield ind1=" " ind2="0" tag="650">
<subfield code="a">Music</subfield>
<subfield code="z">Ethiopia.</subfield>
</datafield>
<datafield ind1=" " ind2="0" tag="650">
<subfield code="a">Music</subfield>
<subfield code="z">Philippines.</subfield>
</datafield>
<datafield ind1=" " ind2="0" tag="650">
<subfield code="a">Music</subfield>
<subfield code="z">Central America.</subfield>
</datafield>
<datafield ind1=" " ind2="0" tag="650">
<subfield code="a">Music</subfield>
<subfield code="z">Peru.</subfield>
</datafield>
<datafield ind1=" " ind2="0" tag="650">
<subfield code="a">Music</subfield>
<subfield code="z">Vietnam.</subfield>
</datafield>
<datafield ind1=" " ind2="0" tag="650">
<subfield code="a">Music</subfield>
<subfield code="z">Australia.</subfield>
</datafield>
<datafield ind1=" " ind2="0" tag="650">
<subfield code="a">Music</subfield>
<subfield code="z">Congo (Democratic Republic)</subfield>
</datafield>
<datafield ind1=" " ind2="0" tag="650">
<subfield code="a">Music</subfield>
<subfield code="z">Madagascar.</subfield>
</datafield>
<datafield ind1=" " ind2="0" tag="650">
<subfield code="a">Music</subfield>
<subfield code="z">Brazil.</subfield>
</datafield>
<datafield ind1=" " ind2="0" tag="650">
<subfield code="a">Music</subfield>
<subfield code="z">Liberia.</subfield>
</datafield>
<datafield ind1=" " ind2="0" tag="650">
<subfield code="a">Music</subfield>
<subfield code="z">Cameroon.</subfield>
</datafield>
<datafield ind1=" " ind2="0" tag="650">
<subfield code="a">Music</subfield>
<subfield code="z">Côte d'Ivoire.</subfield>
</datafield>
<datafield ind1=" " ind2="0" tag="650">
<subfield code="a">Music</subfield>
<subfield code="z">New Zealand.</subfield>
</datafield>
<datafield ind1=" " ind2="0" tag="650">
<subfield code="a">Music</subfield>
<subfield code="z">Mexico.</subfield>
</datafield>
<datafield ind1=" " ind2="0" tag="650">
<subfield code="a">Music</subfield>
<subfield code="z">Hawaii.</subfield>
</datafield>
<datafield ind1=" " ind2="0" tag="650">
<subfield code="a">Music</subfield>
<subfield code="z">Southeast Asia.</subfield>
</datafield>
<datafield ind1=" " ind2="0" tag="650">
<subfield code="a">Arapaho Indians</subfield>
<subfield code="v">Interviews.</subfield>
</datafield>
<datafield ind1=" " ind2="0" tag="650">
<subfield code="a">Cheyenne Indians.</subfield>
</datafield>
<datafield ind1=" " ind2="0" tag="650">
<subfield code="a">Comanche Indians.</subfield>
</datafield>
<datafield ind1=" " ind2="0" tag="650">
<subfield code="a">Kiowa Indians.</subfield>
</datafield>
<datafield ind1=" " ind2="0" tag="650">
<subfield code="a">Ojibwa Indians</subfield>
<subfield code="v">Interviews.</subfield>
</datafield>
<datafield ind1=" " ind2="0" tag="650">
<subfield code="a">Tewa Indians.</subfield>
</datafield>
<datafield ind1=" " ind2="0" tag="650">
<subfield code="a">Tiwa Indians.</subfield>
</datafield>
<datafield ind1=" " ind2="0" tag="650">
<subfield code="a">Indians of North America</subfield>
<subfield code="z">Southwest, New</subfield>
<subfield code="x">Languages.</subfield>
</datafield>
<datafield ind1=" " ind2="0" tag="650">
<subfield code="a">Church music.</subfield>
</datafield>
<datafield ind1=" " ind2="0" tag="651">
<subfield code="a">Papua New Guinea</subfield>
<subfield code="x">Languages.</subfield>
</datafield>
<datafield ind1=" " ind2="0" tag="651">
<subfield code="a">Papua New Guinea</subfield>
<subfield code="x">Social life and customs.</subfield>
</datafield>
<datafield ind1=" " ind2="0" tag="651">
<subfield code="a">Southeast Asia.</subfield>
</datafield>
<datafield ind1=" " ind2="0" tag="651">
<subfield code="a">Southwest, New.</subfield>
</datafield>
<datafield ind1=" " ind2="7" tag="655">
<subfield code="a">Manuscripts.</subfield>
<subfield code="2">aat</subfield>
</datafield>
<datafield ind1=" " ind2="7" tag="655">
<subfield code="a">Field recordings.</subfield>
<subfield code="2">lcgft</subfield>
</datafield>
<datafield ind1=" " ind2="7" tag="655">
<subfield code="a">Photographs.</subfield>
<subfield code="2">gmgpc</subfield>
</datafield>
<datafield ind1=" " ind2="7" tag="655">
<subfield code="a">Photograph albums.</subfield>
<subfield code="2">gmgpc</subfield>
</datafield>
<datafield ind1=" " ind2="7" tag="655">
<subfield code="a">Documentary films.</subfield>
<subfield code="2">lcgft</subfield>
</datafield>
<datafield ind1=" " ind2="7" tag="655">
<subfield code="a">Amateur films.</subfield>
<subfield code="2">lcgft</subfield>
</datafield>
<datafield ind1=" " ind2="7" tag="655">
<subfield code="a">Sound recordings.</subfield>
<subfield code="2">lcgft</subfield>
</datafield>
<datafield ind1=" " ind2="7" tag="655">
<subfield code="a">Video recordings.</subfield>
<subfield code="2">lcgft</subfield>
</datafield>
<datafield ind1=" " ind2="7" tag="655">
<subfield code="a">Diaries.</subfield>
<subfield code="2">aat</subfield>
</datafield>
<datafield ind1=" " ind2="7" tag="655">
<subfield code="a">Field notes.</subfield>
<subfield code="2">aat</subfield>
</datafield>
<datafield ind1=" " ind2="7" tag="655">
<subfield code="a">Songs.</subfield>
<subfield code="2">lcgft</subfield>
</datafield>
<datafield ind1=" " ind2="7" tag="655">
<subfield code="a">Hymns.</subfield>
<subfield code="2">lcgft</subfield>
</datafield>
<datafield ind1=" " ind2="7" tag="655">
<subfield code="a">Academic theses.</subfield>
<subfield code="2">lcgft</subfield>
</datafield>
<datafield ind1="1" ind2=" " tag="700">
<subfield code="a">Chenoweth, Vida,</subfield>
<subfield code="e">collector.</subfield>
</datafield>
<datafield ind1="1" ind2=" " tag="700">
<subfield code="a">Bee, Darlene Laverne,</subfield>
<subfield code="e">collector.</subfield>
</datafield>
<datafield ind1="1" ind2=" " tag="700">
<subfield code="a">Tracey, Hugh,</subfield>
<subfield code="e">collector.</subfield>
</datafield>
<datafield ind1="2" ind2=" " tag="711">
<subfield code="a">Festival of Pacific Arts</subfield>
<subfield code="n">(3rd :</subfield>
<subfield code="d">1980 :</subfield>
<subfield code="c">Port Moresby, Papua New Guinea)</subfield>
</datafield>
<datafield ind1=" " ind2=" " tag="852">
<subfield code="a">Library of Congress</subfield>
<subfield code="b">Archive of Folk Culture, American Folklife Center,</subfield>
<subfield code="e">
101 Independence Ave. S.E., Washington, DC USA 20540-4610
</subfield>
<subfield code="u">http://hdl.loc.gov/loc.afc/folklife.home</subfield>
</datafield>
<datafield ind1=" " ind2=" " tag="856">
<subfield code="3">Finding aid</subfield>
<subfield code="u">http://hdl.loc.gov/loc.afc/eadafc.af016007</subfield>
</datafield>
<datafield ind1=" " ind2=" " tag="985">
<subfield code="a">afc/ead</subfield>
</datafield>
<datafield ind1=" " ind2=" " tag="985">
<subfield code="a">afc/coll</subfield>
</datafield>
</record>
</collection>